@misc{jlcm,
author={Martin Kirchgessner and Vincent Leroy and Alexandre Termier and Sihem Amer-Yahia and Marie-Christine Rousset},
title={{jLCM}},
howpublished = {{https://github.com/slide-lig/jlcm}},
note = {[Online; accessed 12-Nov-2015]}
}

@inproceedings{DBLP:conf/sigir/SidanaMACA16,
  author    = {Sumit Sidana and
               Shashwat Mishra and
               Sihem Amer{-}Yahia and
               Marianne Clausel and
               Massih{-}Reza Amini},
  title     = {Health Monitoring on Social Media over Time},
  booktitle = {SIGIR},
  year      = {2016}
}

@inproceedings{DBLP:conf/pkdd/TehraniADT16,
  author    = {Behrooz Omidvar Tehrani and
               Sihem Amer{-}Yahia and
               Pierre{-}Fran{\c{c}}ois Dutot and
               Denis Trystram},
  title     = {Multi-Objective Group Discovery on the Social Web},
  booktitle = {PKDD},
  year      = {2016}
}

@phdthesis{tehrani2015optimization,
  title={Optimization-based User Group Management: Discovery, Analysis, Recommendation},
  author={Tehrani, Behrooz Omidvar},
  year={2015},
  school={Universit{\'e} Grenoble Alpes}
}

@inproceedings{uno2003lcm,
  title={LCM: An Efficient Algorithm for Enumerating Frequent Closed Item Sets.},
  author={Uno, Takeaki and Asai, Tatsuya and Uchida, Yuzo and Arimura, Hiroki},
  booktitle={FIMI},
  volume={90},
  year={2003},
  organization={Citeseer}
}


@inproceedings{DBLP:conf/dsaa/MishraLA15,
  author    = {Shashwat Mishra and
               Vincent Leroy and
               Sihem Amer{-}Yahia},
  title     = {Discovering characterizing regions for consumer products},
  booktitle = {DSAA},
  year      = {2015}
}

@INPROCEEDINGS{LiuICDE2011,
AUTHOR = "Liu, Guimei and Feng, Mengling and Wang, Yue and Wong, Limsoon and Ng, See-Kiong and Mah, Tzia Liang and Lee, Edmund Jon Deoon",
TITLE = "Towards {E}xploratory {H}ypothesis {T}esting and {A}nalysis",
BOOKTITLE = "Proc. ICDE '11",
PAGES = {745-756},
YEAR = {2011}
}

@INPROCEEDINGS{DBLP:conf/fimi/UnoKA04,
TITLE     = "{LCM} ver. 2: {E}fficient {M}ining {A}lgorithms for {F}requent/{C}losed/{M}aximal {I}temsets",
AUTHOR    = "Uno, Takeaki and Kiyomi, Masashi and Arimura, Hiroki ",
BOOKTITLE = "Proc. ICDM '04 Workshop FIMI '04",
YEAR = {2004}
}

@inproceedings{DBLP:conf/cikm/TehraniAT15,
  author    = {Behrooz Omidvar Tehrani and
               Sihem Amer{-}Yahia and
               Alexandre Termier},
  title     = {Interactive User Group Analysis},
  booktitle = {CIKM},
  year      = {2015}
}

@article{nandi2011guided,
  title={Guided interaction: Rethinking the query-result paradigm},
  author={Nandi, Arnab and Jagadish, HV},
  journal={Proceedings of the VLDB Endowment},
  volume={4},
  number={12},
  pages={1466--1469},
  year={2011},
  publisher={Citeseer}
}

@inproceedings{DBLP:conf/edbt/Amer-YahiaTRS15,
  author    = {Sihem Amer{-}Yahia and
               Behrooz Omidvar{-}Tehrani and
               Senjuti Basu Roy and
               Nafiseh Shabib},
  title     = {Group Recommendation with Temporal Affinities},
  booktitle = {EDBT},
  pages     = {421--432},
  year      = {2015}
}

@inproceedings{DBLP:conf/hcomp/ValeriEA15,
  author    = {Beatrice Valeri and
               Shady Elbassuoni and
               Sihem Amer{-}Yahia},
  title     = {Acquiring Reliable Ratings from the Crowd},
  booktitle = {HCOMP},
  year      = {2015}
}

@article{DBLP:journals/pvldb/DasADY11,
  author    = {Mahashweta Das and
               Sihem Amer{-}Yahia and
               Gautam Das and
               Cong Yu},
  title     = {{MRI:} Meaningful Interpretations of Collaborative Ratings},
  journal   = {{PVLDB}},
  volume    = {4},
  number    = {11},
  pages     = {1063--1074},
  year      = {2011}
}

@article{sofia16,
  author    = {Sihem Amer{-}Yahia and
               Sofia Kleisarchaki and
               Naresh K. Kolloju and Laks V.S. Lakshmanan and Ruben H. Zamar},
  title     = {Who rates like me: on building flexible rating maps efficiently},
  journal   = {{WWW}},
  year      = {2017}
}

@inproceedings{DBLP:conf/dsaa/KirchgessnerLAM16,
  author    = {Martin Kirchgessner and
               Vincent Leroy and
               Sihem Amer{-}Yahia and
               Shashwat Mishra},
  title     = {Testing Interestingness Measures in Practice: {A} Large-Scale Analysis
               of Buying Patterns},
  booktitle = {DSAA},
  year      = {2016}
}



@inproceedings{Mateescu-Thivolle-08,

author =        {Radu Mateescu and Damien Thivolle},
title =         {A Model Checking Language for Concurrent Value-Passing Systems},
booktitle =     {Proceedings of the 15th International Symposium on Formal
                Methods {FM}'08 (Turku, Finland)},
year =          {2008},

editor =        {Jorge Cuellar and Tom Maibaum and Kaisa Sere},
pages =         {148--164},
publisher =     {Springer Verlag},
series =        {Lecture Notes in Computer Science},
volume =        {5014},
month =         {May},

annote =        {Description de MCL et EVALUATOR 4.0}
}

@article{Mateescu-06-a,

author =        {Radu Mateescu},
title =         {CAESAR\_SOLVE: A Generic Library for On-the-Fly Resolution
                of Alternation-Free Boolean Equation Systems},
journal =       {Springer International Journal on Software Tools for
                Technology Transfer (STTT)},
year =          {2006},

editor =        {Hubert Garavel and John Hatcliff},
volume =        {8},
number =        {1},
pages =         {37--56},
month =         {February},
note =          {Full version available as INRIA Research Report RR-5948, July 2006},

annote =        {description de CAESAR_SOLVE}
}

@article{Garavel-Lang-Mateescu-Serwe-13,

author =        {Hubert Garavel and Fr\'ed\'eric Lang and Radu Mateescu
                 and Wendelin Serwe},
title =         {{CADP 2011: A Toolbox for the Construction and Analysis
                 of Distributed Processes}},
journal =       {Springer International Journal on Software Tools for
                 Technology Transfer (STTT)},
year =          {2013},

volume =        {15},
number =        {2},
pages =         {89--107},
month =         {April},

annote =        {CADP 2011}
}

@article{Garavel-Mateescu-Serwe-12,

author =        {Hubert Garavel and Radu Mateescu and Wendelin Serwe},
title =         {{Large-scale Distributed Verification using CADP: Beyond
                Clusters to Grids}},
journal =       entcs,
year =          {2013},

volume =        {296},
pages =         {145--161},
month =         {August},

annote =        {PBG_OPEN}
}

@article{DBLP:journals/vldb/RoyLTAD15,
  author    = {Senjuti Basu Roy and
               Ioanna Lykourentzou and
               Saravanan Thirumuruganathan and
               Sihem Amer{-}Yahia and
               Gautam Das},
  title     = {Task assignment optimization in knowledge-intensive crowdsourcing},
  journal   = {{VLDB} J.},
  volume    = {24},
  number    = {4},
  pages     = {467--491},
  year      = {2015}
}

@inproceedings{DBLP:conf/hcomp/MorishimaAR14,
  author    = {Atsuyuki Morishima and
               Sihem Amer{-}Yahia and
               Senjuti Basu Roy},
  title     = {Crowd4U: An Initiative for Constructing an Open Academic Crowdsourcing
               Network},
  booktitle = {Proceedings of the Seconf {AAAI} Conference on Human Computation and
               Crowdsourcing, {HCOMP} 2014, November 2-4, 2014, Pittsburgh, Pennsylvania,
               {USA}},
  year      = {2014}
}

@article{fruchterman1991graph,
  title={Graph drawing by force-directed placement},
  author={Fruchterman, Thomas MJ and Reingold, Edward M},
  journal={Software: Practice and experience},
  volume={21},
  number={11},
  pages={1129--1164},
  year={1991},
  publisher={Wiley Online Library}
}

@article{miller1956human,
  title={Human memory and the storage of information},
  author={Miller, George},
  journal={IRE Transactions on Information Theory},
  volume={2},
  number={3},
  pages={129--137},
  year={1956},
  publisher={IEEE}
}

@inproceedings{cao2015towards,
  title={Towards making systems forget with machine unlearning},
  author={Cao, Yinzhi and Yang, Junfeng},
  booktitle={Security and Privacy (SP)},
  year={2015},
  organization={IEEE}
}

@article{codd1993providing,
  title={Providing OLAP (on-line analytical processing) to user-analysts: An IT mandate},
  author={Codd, Edgar F and Codd, Sharon B and Salley, Clynch T},
  journal={Codd and Date},
  volume={32},
  year={1993},
  publisher={Codd \& Date, Inc.}
}
