@inproceedings{Omidvar-Tehrani:2015,
 author = {Omidvar-Tehrani, Behrooz and Amer-Yahia, Sihem and Termier, Alexandre},
 title = {Interactive User Group Analysis},
 booktitle = {Proceedings of the 24th ACM International on Conference on Information and Knowledge Management},
 series = {CIKM '15},
 year = {2015},
 isbn = {978-1-4503-3794-6},
 location = {Melbourne, Australia},
 pages = {403--412},
 numpages = {10},
 url = {http://doi.acm.org/10.1145/2806416.2806519},
 doi = {10.1145/2806416.2806519},
 acmid = {2806519},
 publisher = {ACM},
 address = {New York, NY, USA},
 keywords = {interactive analysis, user data, validation},
} 

@article{RoddickEHPS04,
  author    = {John F. Roddick and
               Max J. Egenhofer and
               Erik G. Hoel and
               Dimitris Papadias and
               Betty Salzberg},
  title     = {Spatial, Temporal and Spatio-Temporal Databases - Hot Issues and Directions
               for PhD Research},
  journal   = {{SIGMOD} Record},
  volume    = {33},
  number    = {2},
  pages     = {126--131},
  year      = {2004},
  url       = {http://doi.acm.org/10.1145/1024694.1024724},
  doi       = {10.1145/1024694.1024724},
  timestamp = {Wed, 19 Sep 2012 09:16:25 +0200},
  biburl    = {http://dblp.uni-trier.de/rec/bib/journals/sigmod/RoddickEHPS04},
  bibsource = {dblp computer science bibliography, http://dblp.org}
}


@inproceedings{Telang:2012,
 author = {Telang, Aditya and Padmanabhan, Deepak and Deshpande, Prasad},
 title = {Spatio-temporal Indexing: Current Scenario, Challenges and Approaches},
 booktitle = {Proceedings of the 18th International Conference on Management of Data},
 series = {COMAD '12},
 year = {2012},
 location = {Pune, India},
 pages = {9--11},
 numpages = {3},
 url = {http://dl.acm.org/citation.cfm?id=2694443.2694449},
 acmid = {2694449},
 publisher = {Computer Society of India},
 address = {Mumbai, India, India},
} 
